@misc{bigdata,
author={IBM},
title = {What is big data?},
howpublished = {\url{https://www-01.ibm.com/software/data/bigdata/what-is-big-data.html}},
note = {Accessed: 2016-09-08},
year={2016}
}

@article{SchuldFingerhuth,
author = {Schuld, Maria and Fingerhuth, Mark and Petruccione, Francesco},
title = {{Amplitude-based quantum k-nearest neighbour algorithm. Manuscript in preparation.}},
year = {2016}
}
