@misc{bigdata,
author={IBM},
title = {What is big data?},
howpublished = {\url{https://www-01.ibm.com/software/data/bigdata/what-is-big-data.html}},
note = {Accessed: 2016-09-08},
year={2016}
}
