@article{shende2008cnot,
  title={On the CNOT-cost of TOFFOLI gates},
  author={Shende, Vivek V and Markov, Igor L},
  journal={arXiv preprint arXiv:0803.2316},
  year={2008}
}

@book{nielsen2010quantum,
  title={Quantum computation and quantum information},
  author={Nielsen, Michael A and Chuang, Isaac L},
  year={2010},
  publisher={Cambridge university press}
}
